@article{10.2307/1910129,
 ISSN = {00129682, 14680262},
 URL = {http://www.jstor.org/stable/1910129},
 author = {A. H. Land and A. G. Doig},
 journal = {Econometrica},
 number = {3},
 pages = {497--520},
 publisher = {[Wiley, Econometric Society]},
 title = {An Automatic Method of Solving Discrete Programming Problems},
 volume = {28},
 year = {1960}
}


